@collection{amari_neural_2000,
	location = {Los Alamitos, Calif.},
	title = {Neural computing: new challenges and perspectives for the new millennium: proceedings of the {IEEE}-{INNS}-{ENNS} International Joint Conference on Neural Networks, {IJCNN} 2000, Como, Italy, 24 - 27 July 2000},
	isbn = {978-0-7695-0619-7 978-0-7803-6541-4},
	shorttitle = {Neural computing},
	publisher = {{IEEE} Computer Society},
	editor = {Amari, Shun-Ichi and {IJCNN} and {Institute of Electrical and Electronics Engineers} and {International Neural Network Society} and {European Neural Network Society} and {Institute of Electrical and Electronics Engineers}},
	date = {2000},
	keywords = {Neural Congresses},
	file = {1503.04069v1.pdf:/home/warp/.zotero/zotero/377e21cu.default/zotero/storage/D3UUIRKD/1503.04069v1.pdf:application/pdf}
}

@article{werbos_backpropagation_1990,
	title = {Backpropagation through time: what it does and how to do it},
	volume = {78},
	url = {http://ieeexplore.ieee.org/xpls/abs_all.jsp?arnumber=58337},
	shorttitle = {Backpropagation through time},
	pages = {1550--1560},
	number = {10},
	journaltitle = {Proceedings of the {IEEE}},
	author = {Werbos, Paul J.},
	urldate = {2016-09-21},
	date = {1990},
	file = {Werbos.backprop.pdf:/home/warp/.zotero/zotero/377e21cu.default/zotero/storage/CBDAXIPT/Werbos.backprop.pdf:application/pdf}
}

@inproceedings{sutskever_sequence_2014,
	title = {Sequence to sequence learning with neural networks},
	url = {http://papers.nips.cc/paper/5346-information-based-learning-by-agents-in-unbounded-state-spaces},
	pages = {3104--3112},
	booktitle = {Advances in neural information processing systems},
	author = {Sutskever, Ilya and Vinyals, Oriol and Le, Quoc V.},
	urldate = {2016-09-21},
	date = {2014},
	file = {5346-sequence-to-sequence-learning-with-neural-networks.pdf:/home/warp/.zotero/zotero/377e21cu.default/zotero/storage/PNQ98CZF/5346-sequence-to-sequence-learning-with-neural-networks.pdf:application/pdf}
}

@article{graves_framewise_2005,
	title = {Framewise phoneme classification with bidirectional {LSTM} and other neural network architectures},
	volume = {18},
	issn = {08936080},
	url = {http://linkinghub.elsevier.com/retrieve/pii/S0893608005001206},
	doi = {10.1016/j.neunet.2005.06.042},
	pages = {602--610},
	number = {5},
	journaltitle = {Neural Networks},
	author = {Graves, Alex and Schmidhuber, JÃ¼rgen},
	urldate = {2016-09-21},
	date = {2005-07},
	langid = {english},
	file = {1-s2.0-S0893608005001206-main.pdf:/home/warp/.zotero/zotero/377e21cu.default/zotero/storage/B4M8SSW9/1-s2.0-S0893608005001206-main.pdf:application/pdf}
}

@article{prieto_neural_2016,
	title = {Neural networks: An overview of early research, current frameworks and new challenges},
	issn = {09252312},
	url = {http://linkinghub.elsevier.com/retrieve/pii/S0925231216305550},
	doi = {10.1016/j.neucom.2016.06.014},
	shorttitle = {Neural networks},
	journaltitle = {Neurocomputing},
	author = {Prieto, Alberto and Prieto, Beatriz and Ortigosa, Eva Martinez and Ros, Eduardo and Pelayo, Francisco and Ortega, Julio and Rojas, Ignacio},
	urldate = {2016-09-21},
	date = {2016-06},
	langid = {english},
	file = {1-s2.0-S0925231216305550-main.pdf:/home/warp/.zotero/zotero/377e21cu.default/zotero/storage/V2739EBP/1-s2.0-S0925231216305550-main.pdf:application/pdf}
}

@article{popescu_multilayer_2009,
	title = {Multilayer perceptron and neural networks},
	volume = {8},
	url = {http://www.wseas.us/e-library/transactions/circuits/2009/29-485.pdf},
	pages = {579--588},
	number = {7},
	journaltitle = {{WSEAS} Transactions on Circuits and Systems},
	author = {Popescu, Marius-Constantin and Balas, Valentina E. and Perescu-Popescu, Liliana and Mastorakis, Nikos},
	urldate = {2016-09-21},
	date = {2009},
	file = {Popescu.pdf:/home/warp/.zotero/zotero/377e21cu.default/zotero/storage/A99I4IQR/Popescu.pdf:application/pdf}
}

@article{williams_gradient-based_1995,
	title = {Gradient-based learning algorithms for recurrent networks and their computational complexity},
	url = {http://books.google.com/books?hl=en&lr=&id=B71nu3LDpREC&oi=fnd&pg=PA433&dq=%22we+consider+algorithms+for+training+recurrent+networks+to+perform%22+%22desired+output+is+a+time-varying+sequence.+More+generally,+both%22+%22than+fixed,+they+can+form+delay+line+structures+when+necessary+while%22+&ots=KjzFQzAdUY&sig=YxIXy3hL_OPH1FwpOrq1BWgE60I},
	pages = {433--486},
	journaltitle = {Back-propagation: Theory, architectures and applications},
	author = {Williams, Ronald J. and Zipser, David},
	urldate = {2016-09-21},
	date = {1995},
	file = {Williams Zipser95RecNets.pdf:/home/warp/.zotero/zotero/377e21cu.default/zotero/storage/PPM29M4A/Williams Zipser95RecNets.pdf:application/pdf}
}